<?xml version="1.0" encoding="utf-8"?>
<record xmlns="http://www.loc.gov/MARC21/slim" xmlns:xsi="http://www.w3.org/2001/XMLSchema-instance" xsi:schemaLocation="http://www.loc.gov/MARC21/slim http://www.loc.gov/standards/marcxml/schema/MARC21slim.xsd">
	<leader>     nam a22        4500</leader>
	<controlfield tag="001">679484</controlfield>
	<controlfield tag="003">NNC</controlfield>
	<controlfield tag="006">m        d        </controlfield>
	<controlfield tag="007">cr cn |||m|||a</controlfield>
	<controlfield tag="008">161117m19869999ir a    ob    000 0 arar </controlfield>
	<datafield ind1=" " ind2=" " tag="040">
		<subfield code="a">NNU</subfield>
		<subfield code="b">eng</subfield>
		<subfield code="e">rda</subfield>
		<subfield code="c">NNU</subfield>
	</datafield>
	<datafield ind1="0" ind2="0" tag="050">
		<subfield code="a">KBP370.M345</subfield>
		<subfield code="b">A36 1986</subfield>
	</datafield>
	<datafield ind1="1" ind2=" " tag="100">
		<subfield code="6">880-01</subfield>
		<subfield code="a">Majlisī, Muḥammad Bāqir ibn Muḥammad Taqī,</subfield>
		<subfield code="d">1627 or 1628-approximately 1699.</subfield>
	</datafield>
	<datafield ind1="1" ind2="0" tag="245">
		<subfield code="6">880-02</subfield>
		<subfield code="a">Malādh al-akhyār fī fahm Tahdhīb al-akhbār /</subfield>
		<subfield code="c">taʼlīf, Muḥammad Bāqir al-Majlisī ; taḥqīq Mahdī al-Rajāʼī.</subfield>
	</datafield>
	<datafield ind1=" " ind2=" " tag="260">
		<subfield code="6">880-03</subfield>
		<subfield code="a">Qumm :</subfield>
		<subfield code="b">Maktabat Āyat Allāh al-Marʻashī, 1406-1407,</subfield>
		<subfield code="c">[1985 or 1986-1986 or 1987]</subfield>
	</datafield>
	<datafield ind1=" " ind2=" " tag="300">
		<subfield code="a">online resource (16 volumes) :</subfield>
		<subfield code="b">illustrations</subfield>
	</datafield>
	<datafield ind1=" " ind2=" " tag="336">
		<subfield code="a">text</subfield>
		<subfield code="2">rdacontent</subfield>
	</datafield>
	<datafield ind1=" " ind2=" " tag="337">
		<subfield code="a">computer</subfield>
		<subfield code="2">rdamedia</subfield>
	</datafield>
	<datafield ind1=" " ind2=" " tag="338">
		<subfield code="a">online resource</subfield>
		<subfield code="2">rdacarrier</subfield>
	</datafield>
	<datafield ind1="1" ind2=" " tag="490">
		<subfield code="6">880-04</subfield>
		<subfield code="a">Makhṭūṭāt Maktabat Āyat Allāh al-Marʻashī al-ʻĀmmah ;</subfield>
		<subfield code="v">15</subfield>
	</datafield>
	<datafield ind1=" " ind2=" " tag="500">
		<subfield code="a">Part of the Arabic Collections Online (ACO) project, contributed by Columbia University Libraries.</subfield>
	</datafield>
	<datafield ind1=" " ind2=" " tag="504">
		<subfield code="a">Includes bibliographical references.</subfield>
	</datafield>
	<datafield ind1=" " ind2=" " tag="533">
		<subfield code="a">Electronic reproduction.</subfield>
		<subfield code="b">New York, N.Y. :</subfield>
		<subfield code="c">New York University,</subfield>
		<subfield code="d">2016.</subfield>
		<subfield code="5">NNU</subfield>
	</datafield>
	<datafield ind1="1" ind2="0" tag="600">
		<subfield code="6">880-05</subfield>
		<subfield code="a">Ṭūsī, Muḥammad ibn al-Ḥasan,</subfield>
		<subfield code="d">995-1067?</subfield>
		<subfield code="t">Tahdhīb al-aḥkām.</subfield>
	</datafield>
	<datafield ind1=" " ind2="0" tag="650">
		<subfield code="a">Islamic law</subfield>
		<subfield code="v">Early works to 1800.</subfield>
	</datafield>
	<datafield ind1=" " ind2="0" tag="650">
		<subfield code="a">Shīʻah</subfield>
		<subfield code="v">Early works to 1800.</subfield>
	</datafield>
	<datafield ind1=" " ind2="0" tag="650">
		<subfield code="a">Imams (Shiites)</subfield>
	</datafield>
	<datafield ind1="1" ind2=" " tag="700">
		<subfield code="6">880-06</subfield>
		<subfield code="a">Rajāʼī, Mahdī.</subfield>
	</datafield>
	<datafield ind1="1" ind2="2" tag="700">
		<subfield code="6">880-07</subfield>
		<subfield code="a">Ṭūsī, Muḥammad ibn al-Ḥasan,</subfield>
		<subfield code="d"> 995-1067?</subfield>
		<subfield code="t">Tahdhīb al-aḥkām. </subfield>
	</datafield>
	<datafield ind1="2" ind2=" " tag="710">
		<subfield code="a">Columbia University.</subfield>
		<subfield code="b">Libraries.</subfield>
	</datafield>
	<datafield ind1="0" ind2=" " tag="730">
		<subfield code="a">Arabic Collections Online.</subfield>
	</datafield>
	<datafield ind1="0" ind2="8" tag="776">
		<subfield code="i">Online version:</subfield>
		<subfield code="a">Majlisī, Muḥammad Bāqir ibn Muḥammad Taqī, 1627 or 8-approximately 1699.</subfield>
		<subfield code="t">Malādh al-akhyār fī fahm Tahdhīb al-akhbār.</subfield>
		<subfield code="d">Qumm : Maktabat Āyat Allāh al-Marʻashī, 1406-1407 [1985 or 1986-1986 or 1987]</subfield>
		<subfield code="w">(OCoLC)755125534</subfield>
	</datafield>
	<datafield ind1="0" ind2="8" tag="776">
		<subfield code="i">Print version:</subfield>
		<subfield code="a">Majlisī, Muḥammad Bāqir ibn Muḥammad Taqī, 1627 or 1628-approximately 1699.</subfield>
		<subfield code="t">Malādh al-akhyār fī fahm Tahdhīb al-akhbār</subfield>
		<subfield code="w">(NNC)679484</subfield>
		<subfield code="w">(DLC)   88931343 </subfield>
		<subfield code="w">(OCoLC)20824085</subfield>
	</datafield>
	<datafield ind1=" " ind2="0" tag="830">
		<subfield code="6">880-08</subfield>
		<subfield code="a">Min makhṭūṭāt Maktabat Āyat Allāh al-Marʻashī al-ʻĀmmah ;</subfield>
		<subfield code="v">15.</subfield>
	</datafield>
	<datafield ind1="4" ind2="0" tag="856">
		<subfield code="u">http://hdl.handle.net/2333.1/h70rz1q4</subfield>
	</datafield>
	<datafield ind1="1" ind2=" " tag="880">
		<subfield code="6">100-01/r</subfield>
		<subfield code="a">مجلسي، محمد باقر بن محمد تقي،</subfield>
		<subfield code="d">1627 or 1628-approximately 1699.</subfield>
	</datafield>
	<datafield ind1="1" ind2="0" tag="880">
		<subfield code="6">245-02/r</subfield>
		<subfield code="a">ملاذ الاخيار في فهم تهذيب الاخبار /</subfield>
		<subfield code="c">تأليف، محمد باقر المجلسي ؛ تحقيق مهدي الرجائي.</subfield>
	</datafield>
	<datafield ind1=" " ind2=" " tag="880">
		<subfield code="6">260-03/r</subfield>
		<subfield code="a">قم :</subfield>
		<subfield code="b">مكتبة آية الله المرعشي،</subfield>
		<subfield code="c">14061407 [1985 or 1986-1986 or 1987]</subfield>
	</datafield>
	<datafield ind1="1" ind2=" " tag="880">
		<subfield code="6">490-04/r</subfield>
		<subfield code="a">مخطوطات مكتبة آية الله المرعشي العامة ؛</subfield>
		<subfield code="v">15</subfield>
	</datafield>
	<datafield ind1="1" ind2="4" tag="880">
		<subfield code="6">600-05/r</subfield>
		<subfield code="a">طوسي، محمد بن الحسن،,</subfield>
		<subfield code="d">995-1067?</subfield>
		<subfield code="t">تهذيب الاحكام.</subfield>
	</datafield>
	<datafield ind1="1" ind2=" " tag="880">
		<subfield code="6">700-06/r</subfield>
		<subfield code="a">رجائي، مهدي.</subfield>
	</datafield>
	<datafield ind1="1" ind2="2" tag="880">
		<subfield code="6">700-07/r</subfield>
		<subfield code="a">طوسي، محمد بن الحسن،</subfield>
		<subfield code="d">995-1067؟</subfield>
		<subfield code="t">تهذيب الاحكام. </subfield>
	</datafield>
	<datafield ind1=" " ind2="0" tag="880">
		<subfield code="6">830-08/r</subfield>
		<subfield code="a">من مخطوطات مكتبة آية الله المرعشي العامة ؛ </subfield>
		<subfield code="v">15.</subfield>
	</datafield>
	<datafield ind1=" " ind2=" " tag="959">
		<subfield code="a">NNU</subfield>
		<subfield code="b">WEB</subfield>
		<subfield code="c">GENI</subfield>
		<subfield code="t">0</subfield>
		<subfield code="m">Electronic access</subfield>
		<subfield code="s">01</subfield>
	</datafield>
	<datafield ind1=" " ind2=" " tag="999">
		<subfield code="i">NNC_679484</subfield>
		<subfield code="o">(OCoLC)ocm20824085</subfield>
		<subfield code="s">columbia_aco002216:v.1</subfield>
		<subfield code="s">columbia_aco002215:v.2</subfield>
		<subfield code="s">columbia_aco002214:v.3</subfield>
		<subfield code="s">columbia_aco002213:v.4</subfield>
		<subfield code="s">columbia_aco002212:v.5</subfield>
		<subfield code="s">columbia_aco002211:v.6</subfield>
		<subfield code="s">columbia_aco002210:v.7</subfield>
		<subfield code="s">columbia_aco002209:v.8</subfield>
		<subfield code="s">columbia_aco002208:v.9</subfield>
		<subfield code="s">columbia_aco002207:v.10</subfield>
		<subfield code="s">columbia_aco002206:v.11</subfield>
		<subfield code="s">columbia_aco002205:v.12</subfield>
		<subfield code="s">columbia_aco002204:v.13</subfield>
		<subfield code="s">columbia_aco002203:v.14</subfield>
		<subfield code="s">columbia_aco002202:v.15</subfield>
		<subfield code="s">columbia_aco002201:v.16</subfield>
		<subfield code="e">(ERROR-880)</subfield>
		<subfield code="s">columbia_aco002216:v.1</subfield>
		<subfield code="s">columbia_aco002215:v.2</subfield>
		<subfield code="s">columbia_aco002214:v.3</subfield>
		<subfield code="s">columbia_aco002213:v.4</subfield>
		<subfield code="s">columbia_aco002212:v.5</subfield>
		<subfield code="s">columbia_aco002211:v.6</subfield>
		<subfield code="s">columbia_aco002210:v.7</subfield>
		<subfield code="s">columbia_aco002209:v.8</subfield>
		<subfield code="s">columbia_aco002208:v.9</subfield>
		<subfield code="s">columbia_aco002207:v.10</subfield>
		<subfield code="s">columbia_aco002206:v.11</subfield>
		<subfield code="s">columbia_aco002205:v.12</subfield>
		<subfield code="s">columbia_aco002204:v.13</subfield>
		<subfield code="s">columbia_aco002203:v.14</subfield>
		<subfield code="s">columbia_aco002202:v.15</subfield>
		<subfield code="s">columbia_aco002201:v.16</subfield>
	</datafield>
</record>
